@book{koza92,
		author    = "Koza, John R.",
		title     = "Genetic Programming: On the Programming of Computers by Means of Natural Selection",
		publisher = "MIT Press",
		year      = "1992"
}


@misc{ wiki:latex,
       author = "Wikipedia",
       title = "LaTeX --- Wikipedia{,} La enciclopedia libre",
       year = "2015",
       url = "https://es.wikipedia.org/w/index.php?title=LaTeX&oldid=84209252",
       note = "[Internet; descargado 30-septiembre-2015]"
}


@article{bortolot2005,
  title={Estimating forest biomass using small footprint LiDAR data: An individual tree-based approach that incorporates training data},
  author={Bortolot, Zachary J and Wynne, Randolph H},
  journal={ISPRS Journal of Photogrammetry and Remote Sensing},
  volume={59},
  number={6},
  pages={342--360},
  year={2005},
  publisher={Elsevier}
}

% Artículos referidos al Párkinson
@article{MARTINEZFERNANDEZ2016363,
title = {ACTUALIZACIÓN EN LA ENFERMEDAD DE PARKINSON},
journal = {Revista Médica Clínica Las Condes},
volume = {27},
number = {3},
pages = {363-379},
year = {2016},
note = {Tema central: Enfermedades neurológicas degenerativas},
issn = {0716-8640},
doi = {https://doi.org/10.1016/j.rmclc.2016.06.010},
url = {https://www.sciencedirect.com/science/article/pii/S0716864016300372},
author = {Raúl Martínez-Fernández. and Carmen {Gasca-Salas C.} and Álvaro Sánchez-Ferro and José {Ángel Obeso}}
}

@article{GARCIARAMOS2016401,
title = {Informe de la Fundación del Cerebro sobre el impacto social de la enfermedad de Parkinson en España},
journal = {Neurología},
volume = {31},
number = {6},
pages = {401-413},
year = {2016},
issn = {0213-4853},
doi = {https://doi.org/10.1016/j.nrl.2013.04.008},
url = {https://www.sciencedirect.com/science/article/pii/S0213485313001114},
author = {R. García-Ramos and E. {López Valdés} and L. Ballesteros and S. Jesús and P. Mir}
}

@article{gomez2012mecanismos,
  title={Mecanismos fisiopatol{\'o}gicos involucrados en la enfermedad de Parkinson},
  author={G{\'o}mez-Chavar{\'\i}n, Margarita and Roldan-Roldan, G and Morales-Espinosa, R and P{\'e}rez-Soto, G and Torner-Aguilar, C},
  journal={Arch Neurocien (Mex)},
  volume={17},
  number={1},
  pages={25--33},
  year={2012}
}

@article{ayala2007enfermedad,
  title={Enfermedad de Parkinson},
  author={AYALA, ADELA-EMILIA G{\'O}MEZ},
  journal={Offarm},
  volume={26},
  number={5},
  year={2007}
}

@article{neri2017sintomas,
  title={S{\'\i}ntomas motores de la enfermedad de Parkinson},
  author={Neri-Nani, Gabriel Adolfo},
  journal={Neurolog{\'\i}a, neurocirug{\'\i}a y psiquiatr{\'\i}a},
  volume={45},
  number={2},
  pages={45--50},
  year={2017}
}

@article{rodriguez2014escala,
  title={La escala unificada de la enfermedad de Parkinson modificada por la Sociedad de Trastornos del Movimiento (MDS-UPDRS): aplicaci{\'o}n cl{\'\i}nica e investigaci{\'o}n},
  author={Rodr{\'\i}guez-Violante, Mayela and Cervantes-Arriaga, Amin},
  journal={Archivos de Neurociencias},
  volume={19},
  number={3},
  pages={157--163},
  year={2014}
}

@article{goetz2004movement,
  title={Movement Disorder Society Task Force report on the Hoehn and Yahr staging scale: status and recommendations the Movement Disorder Society Task Force on rating scales for Parkinson's disease},
  author={Goetz, Christopher G and Poewe, Werner and Rascol, Olivier and Sampaio, Cristina and Stebbins, Glenn T and Counsell, Carl and Giladi, Nir and Holloway, Robert G and Moore, Charity G and Wenning, Gregor K and others},
  journal={Movement disorders},
  volume={19},
  number={9},
  pages={1020--1028},
  year={2004},
  publisher={Wiley Online Library}
}

% Tratamientos
@article{estrada2011diagnostico,
  title={Diagn{\'o}stico y tratamiento de la enfermedad de Parkinson},
  author={Estrada Bellmann, Ingrid and Mart{\'\i}nez Rodr{\'\i}guez, H{\'e}ctor Ram{\'o}n},
  journal={Avances},
  volume={8},
  number={25},
  pages={16--22},
  year={2011}
}

@article{marin2018enfermedad,
  title={Enfermedad de Parkinson: fisiopatolog{\'\i}a, diagn{\'o}stico y tratamiento},
  author={Mar{\'\i}n, Daniel S and Carmona, Hans and Ibarra, Melissa and G{\'a}mez, Manuela},
  journal={Revista de La Universidad Industrial de Santander. Salud},
  volume={50},
  number={1},
  pages={79--92},
  year={2018},
  publisher={Universidad Industrial de Santander}
}

% Ganglios basales
@article{avila2014ganglios,
  title={Los ganglios basales: la participaci{\'o}n dopamin{\'e}rgica estriatal},
  author={Avila-Luna, Alberto and Bueno-Nava, Antonio},
  journal={Investigaci{\'o}n en Discapacidad},
  volume={3},
  number={1},
  pages={19--24},
  year={2014}
}

% Sistema muscular
@book{alma991000263829705771,
author = {Silverthorn, Dee Unglaub},
address = {Madrid, etc},
booktitle = {Fisiología humana un enfoque integrado},
edition = {8ª ed.},
isbn = {9786078546237},
keywords = {Fisiología humana},
language = {spa},
publisher = {Editorial Médica Panamericana},
title = {Fisiología humana un enfoque integrado },
year = {2014},
}

% Estado del arte
@article{stamford2015engineering,
  title={What engineering technology could do for quality of life in Parkinson's disease: a review of current needs and opportunities},
  author={Stamford, Jonathan A and Schmidt, Peter N and Friedl, Karl E},
  journal={IEEE journal of biomedical and health informatics},
  volume={19},
  number={6},
  pages={1862--1872},
  year={2015},
  publisher={IEEE}
}


@article{achey2014past,
  title={The past, present, and future of telemedicine for Parkinson's disease},
  author={Achey, Meredith and Aldred, Jason L and Aljehani, Noha and Bloem, Bastiaan R and Biglan, Kevin M and Chan, Piu and Cubo, Esther and Ray Dorsey, E and Goetz, Christopher G and Guttman, Mark and others},
  journal={Movement disorders},
  volume={29},
  number={7},
  pages={871--883},
  year={2014},
  publisher={Wiley Online Library}
}

% Trabajos relacionados de interés
@inproceedings{askari2010emg,
  title={An EMG-based system for continuous monitoring of clinical efficacy of Parkinson's disease treatments},
  author={Askari, Sina and Zhang, Mo and Won, Deborah S},
  booktitle={2010 Annual International Conference of the IEEE Engineering in Medicine and Biology},
  pages={98--101},
  year={2010},
  organization={IEEE}
}

@inproceedings{fadhlannisa2020design,
  title={Design of Wireless Electromyography (EMG) Monitoring System for Muscle Activity Detection on Parkinson Disease},
  author={Fadhlannisa, Nisrina Firyal and Basari, Basari},
  booktitle={2020 International Conference on Smart Technology and Applications (ICoSTA)},
  pages={1--4},
  year={2020},
  organization={IEEE}
}

% STAT-ON
@article{rodriguez2022new,
  title={A New Paradigm in Parkinson's Disease Evaluation With Wearable Medical Devices: A Review of STAT-ONTM},
  author={Rodr{\'\i}guez-Mart{\'\i}n, Daniel and Cabestany, Joan and P{\'e}rez-L{\'o}pez, Carlos and Pie, Marti and Calvet, Joan and Sam{\`a}, Albert and Capra, Chiara and Catal{\`a}, Andreu and Rodr{\'\i}guez-Molinero, Alejandro},
  journal={Frontiers in Neurology},
  volume={13},
  year={2022},
  publisher={Frontiers Media SA}
}

% PKG
@article{santiago2019qualitative,
  title={Qualitative evaluation of the personal kinetigraph tm movement recording system in a parkinson’s clinic},
  author={Santiago, Anthony and Langston, James W and Gandhy, Rita and Dhall, Rohit and Brillman, Salima and Rees, Linda and Barlow, Carrolee},
  journal={Journal of Parkinson's Disease},
  volume={9},
  number={1},
  pages={207--219},
  year={2019},
  publisher={IOS Press}
}

@article{griffiths2012automated,
  title={Automated assessment of bradykinesia and dyskinesia in Parkinson's disease},
  author={Griffiths, Robert I and Kotschet, Katya and Arfon, Sian and Xu, Zheng Ming and Johnson, William and Drago, John and Evans, Andrew and Kempster, Peter and Raghav, Sanjay and Horne, Malcolm K},
  journal={Journal of Parkinson's disease},
  volume={2},
  number={1},
  pages={47--55},
  year={2012},
  publisher={IOS Press}
}


@misc{ website:pkgcare,
       author = "Karen Krygier, MBA",
       title = "The Personal KinetiGraph® (PKG®): The Long-Term Leader in Parkinson’s Disease Enhancing your Clinical Trial Assessment",
       url = "https://pkgcare.com/wp-content/uploads/2021/09/Whitepaper_The-Long-Term-Leader-in-Parkinsons-Disease-Enhancing-your-Clinical-Trial-Assessment-MM-96.pdf",
       note = "[Internet; descargado 17-febrero-2023]"
}

% Kinesia 360
@inproceedings{piromalis2021commercially,
  title={Commercially Available Sensor-based Monitoring and Support Systems in Parkinson's Disease: An Overview},
  author={Piromalis, Dimitrios D and Kokkotis, Christos and Tsatalas, Themistoklis and Bellis, George and Tsaopoulos, Dimitrios and Zikos, Panagiotis and Tsotsolas, Nikos and Pizanias, Stefanos and Kounelis, Marios and Hliaoutakis, Angelos and others},
  booktitle={2021 8th International Conference on Computing for Sustainable Global Development (INDIACom)},
  pages={430--438},
  year={2021},
  organization={IEEE}
}

@inproceedings{heldman2012automated,
  title={Automated motion sensor quantification of gait and lower extremity bradykinesia},
  author={Heldman, Dustin A and Filipkowski, Danielle E and Riley, David E and Whitney, Christina M and Walter, Benjamin L and Gunzler, Steven A and Giuffrida, Joseph P and Mera, Thomas O},
  booktitle={2012 Annual International Conference of the IEEE Engineering in Medicine and Biology Society},
  pages={1956--1959},
  year={2012},
  organization={IEEE}
}

@misc{ website:glneurotech,
       author = "Great Lakes Neuro Technologies",
       title = "Descripción General Del Producto Kinesia 360",
       year = "2018",
       url = "http://glneurotech.com/kinesia/products/kinesia-360/",
       note = "[Internet; descargado 19-febrero-2023]"
}


% PDMonitor
 @inproceedings{kostikis2020body,
  title={On-Body Sensor Position Identification with a Simple, Robust and Accurate Method, Validated in Patients with Parkinson’s Disease},
  author={Kostikis, Nikolaos and Rigas, G and Tachos, N and Konitsiotis, Spiros and Fotiadis, Dimitrios I},
  booktitle={2020 42nd Annual International Conference of the IEEE Engineering in Medicine \& Biology Society (EMBC)},
  pages={4156--4159},
  year={2020},
  organization={IEEE}
}

@misc{ website:pdneurotechnology,
       author = "pd neurotechnology medical solutions",
       title = "PDMonitor",
       url = "https://www.pdneurotechnology.com/pd-monitor-solution/product/",
       note = "[Internet; descargado 02-febrero-2023]"
}


@article{gatsios2020feasibility,
  title={Feasibility and utility of mhealth for the remote monitoring of parkinson disease: ancillary study of the PD\_manager randomized controlled trial},
  author={Gatsios, Dimitris and Antonini, Angelo and Gentile, Giovanni and Marcante, Andrea and Pellicano, Clelia and Macchiusi, Lucia and Assogna, Francesca and Spalletta, Gianfranco and Gage, Heather and Touray, Morro and others},
  journal={JMIR mHealth and uHealth},
  volume={8},
  number={6},
  pages={e16414},
  year={2020},
  publisher={JMIR Publications Inc., Toronto, Canada}
}

% REMPARK
@article{bayes2018holter,
  title={A “HOLTER” for Parkinson’s disease: Validation of the ability to detect on-off states using the REMPARK system},
  author={Bay{\'e}s, {\`A}ngels and Sam{\'a}, Albert and Prats, Anna and P{\'e}rez-L{\'o}pez, Carlos and Crespo-Maraver, Maricruz and Moreno, Juan Manuel and Alcaine, Sheila and Rodriguez-Molinero, Alejandro and Mestre, Berta and Quispe, Paola and others},
  journal={Gait \& posture},
  volume={59},
  pages={1--6},
  year={2018},
  publisher={Elsevier}
}

@inproceedings{cabestany2013rempark,
  title={REMPARK: When AI and technology meet Parkinson Disease assessment},
  author={Cabestany, Joan and L{\'o}pez, Carlos P{\'e}rez and Sama, Albert and Moreno, Juan Manuel and Bayes, Angels and Rodriguez-Molinero, Alejandro},
  booktitle={Proceedings of the 20th international conference mixed design of integrated circuits and systems-MIXDES 2013},
  pages={562--567},
  year={2013},
  organization={IEEE}
}

% Algoritmo detectar discinesia
@article{perez2016dopaminergic,
  title={Dopaminergic-induced dyskinesia assessment based on a single belt-worn accelerometer},
  author={P{\'e}rez-L{\'o}pez, Carlos and Sam{\`a}, Albert and Rodr{\'\i}guez-Mart{\'\i}n, Daniel and Moreno-Ar{\'o}stegui, Juan Manuel and Cabestany, Joan and Bayes, Angels and Mestre, Berta and Alcaine, Sheila and Quispe, Paola and Laighin, Gear{\'o}id {\'O} and others},
  journal={Artificial intelligence in medicine},
  volume={67},
  pages={47--56},
  year={2016},
  publisher={Elsevier}
}

@article{mera2013quantitative,
  title={Quantitative analysis of gait and balance response to deep brain stimulation in Parkinson's disease},
  author={Mera, Thomas O and Filipkowski, Danielle E and Riley, David E and Whitney, Christina M and Walter, Benjamin L and Gunzler, Steven A and Giuffrida, Joseph P},
  journal={Gait \& posture},
  volume={38},
  number={1},
  pages={109--114},
  year={2013},
  publisher={Elsevier}
}


@article{tzallas2014perform,
  title={PERFORM: a system for monitoring, assessment and management of patients with Parkinson's disease},
  author={Tzallas, Alexandros T and Tsipouras, Markos G and Rigas, Georgios and Tsalikakis, Dimitrios G and Karvounis, Evaggelos C and Chondrogiorgi, Maria and Psomadellis, Fotis and Cancela, Jorge and Pastorino, Matteo and Waldmeyer, Mar{\'\i}a Teresa Arredondo and others},
  journal={Sensors},
  volume={14},
  number={11},
  pages={21329--21357},
  year={2014},
  publisher={MDPI}
}


% Imagenes
@misc{ website:Síndesi,
       author = "Síndesi",
       title = "Ganglios basales",
       year = "2021",
       url = "https://sindesi.es/ganglios-basales/",
       note = "[Internet; descargado 02-febrero-2023]"
}

@misc{ website:docplayer,
       author = "Julián Cárdenas Ruiz",
       title = "Tipos de tejido muscular",
       year = "2017",
       url = "https://docplayer.es/38906480-Tipos-de-tejido-muscular.html",
       note = "[Internet; descargado 02-febrero-2023]"
}


@inproceedings{badamasi2014working,
  title={The working principle of an Arduino},
  author={Badamasi, Yusuf Abdullahi},
  booktitle={2014 11th international conference on electronics, computer and computation (ICECCO)},
  pages={1--4},
  year={2014},
  organization={IEEE}
}


@misc{ website:aprendiendoarduino.wordpress,
       author = "@jecrespom",
       title = "Aprendiendo Arduino",
       url = "https://aprendiendoarduino.wordpress.com/2016/06/27/arduino-uno-a-fondo-mapa-de-pines-2/",
       note = "[Internet; descargado 17-febrero-2023]"
}


% MPU-6050
@misc{ website:luisllamas-mpu,
       author = "Luis Llamas",
       title = "DETERMINAR LA ORIENTACIÓN CON ARDUINO Y EL IMU MPU-6050",
       url = "https://www.luisllamas.es/arduino-orientacion-imu-mpu-6050/",
       note = "[Internet; descargado 19-febrero-2023]"
}

@misc{ website:naylampmechatronics,
       author = "naylampmechatronics",
       title = "TUTORIAL MPU6050, ACELERÓMETRO Y GIROSCOPIO",
       url = "https://naylampmechatronics.com/blog/45_tutorial-mpu6050-acelerometro-y-giroscopio.html",
       note = "[Internet; descargado 19-febrero-2023]"
}

% MODULO ESP8266
@misc{ website:luisllamas-wifi,
       author = "Luis Llamas",
       title = "CONECTAR ARDUINO POR WIFI CON EL MÓDULO ESP8266 ESP01",
       url = "https://www.luisllamas.es/arduino-wifi-esp8266-esp01/",
       note = "[Internet; descargado 03-marzo-2023]"
}

@misc{ website:descubrearduino,
       author = "descubrearduino",
       title = "ESP8266 Módulo WiFi, ¿Qué es y cómo configurar? Pinout y características",
       url = "https://descubrearduino.com/esp8266/",
       note = "[Internet; descargado 03-marzo-2023]"
}



% MODULO HC-05
@misc{ website:luisllamas-BT,
       author = "Luis Llamas",
       title = "¿QUÉ ES UN MÓDULO HC-05 Ó HC-06?",
       url = "https://www.luisllamas.es/conectar-arduino-por-bluetooth-con-los-modulos-hc-05-o-hc-06/",
       note = "[Internet; descargado 03-marzo-2023]"
}


@misc{ website:github.com/jrowberg,
       author = "Jeff Rowberg",
       title = "MPU6050",
       url = "https://github.com/jrowberg/i2cdevlib/tree/master/Arduino/MPU6050",
       note = "[Internet; 28-febrero-2023]"
}


% REVISAR SI LO UTILIZO
@article{yue2003svm,
  title={SVM classification: Its contents and challenges},
  author={Yue, Shihong and Li, Ping and Hao, Peiyi},
  journal={Applied Mathematics-A Journal of Chinese Universities},
  volume={18},
  pages={332--342},
  year={2003},
  publisher={Springer}
}

@inproceedings{bourouhou2016comparison,
  title={Comparison of classification methods to detect the Parkinson disease},
  author={Bourouhou, A and Jilbab, A and Nacir, C and Hammouch, A},
  booktitle={2016 international conference on electrical and information technologies (ICEIT)},
  pages={421--424},
  year={2016},
  organization={IEEE}
}


@article{liaw2002classification,
  title={Classification and regression by randomForest},
  author={Liaw, Andy and Wiener, Matthew and others},
  journal={R news},
  volume={2},
  number={3},
  pages={18--22},
  year={2002}
}

@article{muniz2010comparison,
  title={Comparison among probabilistic neural network, support vector machine and logistic regression for evaluating the effect of subthalamic stimulation in Parkinson disease on ground reaction force during gait},
  author={Muniz, AMS and Liu, H and Lyons, KE and Pahwa, R and Liu, W and Nobre, FF and Nadal, J},
  journal={Journal of biomechanics},
  volume={43},
  number={4},
  pages={720--726},
  year={2010},
  publisher={Elsevier}
}