@book{koza92,
		author    = "Koza, John R.",
		title     = "Genetic Programming: On the Programming of Computers by Means of Natural Selection",
		publisher = "MIT Press",
		year      = "1992"
}


@misc{ wiki:latex,
       author = "Wikipedia",
       title = "LaTeX --- Wikipedia{,} La enciclopedia libre",
       year = "2015",
       url = "https://es.wikipedia.org/w/index.php?title=LaTeX&oldid=84209252",
       note = "[Internet; descargado 30-septiembre-2015]"
}




@article{mera2013quantitative,
  title={Quantitative analysis of gait and balance response to deep brain stimulation in Parkinson's disease},
  author={Mera, Thomas O and Filipkowski, Danielle E and Riley, David E and Whitney, Christina M and Walter, Benjamin L and Gunzler, Steven A and Giuffrida, Joseph P},
  journal={Gait \& posture},
  volume={38},
  number={1},
  pages={109--114},
  year={2013},
  publisher={Elsevier}
}

@article{tzallas2014perform,
  title={PERFORM: a system for monitoring, assessment and management of patients with Parkinson's disease},
  author={Tzallas, Alexandros T and Tsipouras, Markos G and Rigas, Georgios and Tsalikakis, Dimitrios G and Karvounis, Evaggelos C and Chondrogiorgi, Maria and Psomadellis, Fotis and Cancela, Jorge and Pastorino, Matteo and Waldmeyer, Mar{\'\i}a Teresa Arredondo and others},
  journal={Sensors},
  volume={14},
  number={11},
  pages={21329--21357},
  year={2014},
  publisher={MDPI}
}


@misc{ website:github.com/jrowberg,
       author = "Jeff Rowberg",
       title = "MPU6050",
       url = "https://github.com/jrowberg/i2cdevlib/tree/master/Arduino/MPU6050",
       note = "[Internet; 28-febrero-2023]"
}

